<collection xmlns="http://www.loc.gov/MARC21/slim"><record><leader>00821nam  2200277   450</leader><controlfield tag="001">307</controlfield><controlfield tag="003">http://montalegre.opacnet.com/OPAC/default.aspx?ContentAreaControl=ShowRegHoldings.ascx&amp;RegNo=16662</controlfield><datafield tag="010" ind1=" " ind2=" "><subfield code="a">972-20-0776-9</subfield></datafield><datafield tag="021" ind1=" " ind2=" "><subfield code="a">PT</subfield><subfield code="b">34146/90</subfield></datafield><datafield tag="095" ind1=" " ind2=" "><subfield code="a">PTBN00250263</subfield></datafield><datafield tag="100" ind1=" " ind2=" "><subfield code="a">20061013d1990    m  y0pory0103    ba</subfield></datafield><datafield tag="101" ind1="1" ind2=" "><subfield code="a">por</subfield><subfield code="b">eng</subfield><subfield code="c">ger</subfield></datafield><datafield tag="102" ind1=" " ind2=" "><subfield code="a">PT</subfield></datafield><datafield tag="105" ind1=" " ind2=" "><subfield code="a">y   z   001ay</subfield></datafield><datafield tag="106" ind1=" " ind2=" "><subfield code="a">r</subfield></datafield><datafield tag="110" ind1=" " ind2=" "><subfield code="a">acaz---0yy1</subfield></datafield><datafield tag="200" ind1="1" ind2=" "><subfield code="a">Silêncio</subfield><subfield code="f">Shusaku Endo</subfield><subfield code="g">trad. João David Antunes</subfield></datafield><datafield tag="205" ind1=" " ind2=" "><subfield code="a">1ª ed</subfield></datafield><datafield tag="210" ind1=" " ind2=" "><subfield code="a">Lisboa</subfield><subfield code="c">Dom Quixote</subfield><subfield code="d">1990</subfield></datafield><datafield tag="215" ind1=" " ind2=" "><subfield code="a">233 p.</subfield><subfield code="d">24 cm</subfield></datafield><datafield tag="225" ind1="2" ind2=" "><subfield code="a">Ficção universal</subfield><subfield code="v">65</subfield></datafield><datafield tag="304" ind1=" " ind2=" "><subfield code="a">Tít. orig. :Chinmoku</subfield></datafield><datafield tag="675" ind1=" " ind2=" "><subfield code="a">821</subfield><subfield code="v">BN</subfield><subfield code="z">por</subfield></datafield><datafield tag="700" ind1=" " ind2="1"><subfield code="a">Endo</subfield><subfield code="b">Shusaku</subfield><subfield code="f">1923-1996</subfield><subfield code="3">57016</subfield></datafield><datafield tag="801" ind1=" " ind2="0"><subfield code="a">PT</subfield><subfield code="b">Biblioteca Municipal de Montalegre</subfield><subfield code="g">RPC</subfield></datafield><datafield tag="856" ind1=" " ind2=" "><subfield code="u">locateMedia.asp?cod=20060511140921&amp;ext=jpg</subfield><subfield code="z">CAPA</subfield></datafield><datafield tag="909" ind1="&#9;" ind2=" "><subfield code="a">1</subfield></datafield><datafield tag="966" ind1=" " ind2=" "><subfield code="a">0008467</subfield><subfield code="l">BMM</subfield><subfield code="s">SCG 821 END sil 65</subfield></datafield></record></collection>